@book{manning2008introduction,
  title     = {Introduction to information retrieval},
  author    = {Manning, Christopher D},
  year      = {2008},
  publisher = {Syngress Publishing,}
}
