@article{harris1954distributional,
  title     = {Distributional structure},
  author    = {Harris, Zellig S},
  journal   = {Word},
  volume    = {10},
  number    = {2-3},
  pages     = {146--162},
  year      = {1954},
  publisher = {Taylor \& Francis}
}

