@misc{oecd2013stratification,
  author  = {{OECD}},
  title   = {Glossary Of Statistical Terms: Stratification},
  url     = {https://stats.oecd.org/glossary/detail.asp?ID=2572},
  urldate = {02/03/2023},
  year    = {2013}
}
