
@inproceedings{rennie2003tackling,
  title     = {Tackling the poor assumptions of naive bayes text classifiers},
  author    = {Rennie, Jason D and Shih, Lawrence and Teevan, Jaime and Karger, David R},
  booktitle = {Proceedings of the 20th international conference on machine learning (ICML-03)},
  pages     = {616--623},
  year      = {2003}
}

